% This file was created with JabRef 2.3.1.
% Encoding: Cp1252
% Datas de acesso e de publicação de artivo devem ser abreviadas
% Exemplo: 18 fev. 2011, com excessão de maio
% Meses que aparecem em publicações, como periódicos, também devem ser abrevidados.

@BOOK{mortari2001,
  title = {Introdução à Lógica},
  publisher = {UNESP},
  year = {2001},
  author = {Mortari, Cezar A},
  address = {São Paulo, SP},
  pages = {393},
  ISBN = {85-71 39-337-0}
}

@book{mendelson2009introduction,
  title={Introduction to mathematical logic},
  author={Mendelson, Elliott},
  year={2009},
  edition={5},
  address={New York},
  pages={494},
  publisher={Chapman and Hall/CRC},
  ISBN = {9780429150401}
}

@book{flavio2010,
  title = {Lógica para Computação},
  publisher = {Cengage Learning},
  year = {2010},
  author = {Silva, Flávio Soares Corrêa and Finger, Marcelo and Melo, Ana Cristina Vieira},
  address = {São Paulo, SP},
  pages = {234},
  ISBN = {85-221-0517-0}
}

@article{zamudio2008tres,
  title={Los tres principios de la l{\'o}gica aristot{\'e}lica:?` son del mundo o del hablar?},
  author={Zamudio, Guillermo Bustamante},
  journal={Revista Folios},
  number={27},
  pages={24--30},
  year={2008}
}

@article{ferreiros2001,
  title={The Road to Modern Logic - An Interpretation},
  author={Ferreiros, José},
  journal={Bulletin of Symbolic Logic},
  volume={7},
  number={4},
  pages={441--484},
  year={2001},
  publisher={Cambridge University Press}
}

@article{fonseca2012logica,
  title={Logica e Teoria dos Conjuntos na Fundamenta{\c{c}}{\~a}o Da Matem{\'a}tica},
  author={Fonseca, Aline Germano and Silva, Karina Schiabel and Massago, Sadao and Carbone, Vera L{\'u}cia},
  year={2012}
}

@inCollection{Tannen2009,
    author="Tannen, Val",
    editor="LIU, LING and {\"O}ZSU, M. TAMER",
    title="First-Order Logic: Semantics",
    bookTitle="Encyclopedia of Database Systems",
    year="2009",
    publisher="Springer US",
    address="Boston, MA",
    pages="1138--1139",
    isbn="978-0-387-39940-9",
    doi="10.1007/978-0-387-39940-9_1000",
}

@BOOK{huth2004logic,
  title={Logic in Computer Science: Modelling and reasoning about systems},
  author={Huth, Michael and Ryan, Mark},
  year={2004},
  publisher={Cambridge university press},
  isbn={9781139453059},
  edition={2},
}

@inproceedings{el2016computational,
  title={On the computational complexity of MaxSAT},
  author={El Halaby, Mohamed},
  booktitle={Electronic Colloquium on Computational Complexity (ECCC)},
  volume={23},
  pages={34},
  year={2016}
}

@inproceedings{krentel1986complexity,
  title={The complexity of optimization problems},
  author={Krentel, Mark W},
  booktitle={Proceedings of the eighteenth annual ACM symposium on Theory of computing},
  pages={69--76},
  year={1986}
}

@book{biere2009handbook,
  title={Handbook of satisfiability},
  author={Biere, Armin and Heule, Marijn and van Maaren, Hans},
  volume={185},
  year={2009},
  publisher={IOS press}
}

@incollection{cook2023complexity,
  title={The complexity of theorem-proving procedures},
  author={Cook, Stephen A},
  booktitle={Logic, automata, and computational complexity: The works of Stephen A. Cook},
  pages={143--152},
  year={2023}
}

@article{guo2023machine,
  title={Machine learning methods in solving the boolean satisfiability problem},
  author={Guo, Wenxuan and Zhen, Hui-Ling and Li, Xijun and Luo, Wanqian and Yuan, Mingxuan and Jin, Yaohui and Yan, Junchi},
  journal={Machine Intelligence Research},
  volume={20},
  number={5},
  pages={640--655},
  year={2023},
  publisher={Springer}
}

@article{Cook_Levin-AFP,
  author  = {Frank J. Balbach},
  title   = {The Cook-Levin theorem},
  journal = {Archive of Formal Proofs},
  month   = {January},
  year    = {2023},
  note    = {\url{https://isa-afp.org/entries/Cook_Levin.html},
             Formal proof development},
  ISSN    = {2150-914x},
}

@inproceedings{cheeseman1991really,
  title={Where the really hard problems are.},
  author={Cheeseman, Peter C and Kanefsky, Bob and Taylor, William M and others},
  booktitle={Ijcai},
  volume={91},
  pages={331--337},
  year={1991}
}

@inproceedings{mitchell1992hard,
  title={Hard and easy distributions of SAT problems},
  author={Mitchell, David and Selman, Bart and Levesque, Hector and others},
  booktitle={Aaai},
  volume={92},
  pages={459--465},
  year={1992}
}

@article{monasson1999determining,
  title={Determining computational complexity from characteristic ‘phase transitions’},
  author={Monasson, R{\'e}mi and Zecchina, Riccardo and Kirkpatrick, Scott and Selman, Bart and Troyansky, Lidror},
  journal={Nature},
  volume={400},
  number={6740},
  pages={133--137},
  year={1999},
  publisher={Nature Publishing Group UK London}
}

@article{li2007new,
  title={New inference rules for Max-SAT},
  author={Li, Chu Min and Manya, Felip and Planes, Jordi},
  journal={Journal of Artificial Intelligence Research},
  volume={30},
  pages={321--359},
  year={2007}
}

@article{crawford1996experimental,
  title={Experimental results on the crossover point in random 3-SAT},
  author={Crawford, James M and Auton, Larry D},
  journal={Artificial intelligence},
  volume={81},
  number={1-2},
  pages={31--57},
  year={1996},
  publisher={Elsevier}
}

@article{qasem2009sat,
  title={SAT and MAX-SAT for the Lay-Researcher},
  author={Qasem, M},
  journal={Public Authority for Applied Education and Training College of Technological Studies,[Online]. Available: http://www. mqasem. net/sat/sat/index. php.[Accessed 15 January 2015]},
  year={2009}
}

@article{gomes1998boosting,
  title={Boosting combinatorial search through randomization},
  author={Gomes, Carla P and Selman, Bart and Kautz, Henry and others},
  journal={AAAI/IAAI},
  volume={98},
  number={1998},
  pages={431--437},
  year={1998}
}

@article{coarfa2003random,
  title={Random 3-SAT: The plot thickens},
  author={Coarfa, Cristian and Demopoulos, Demetrios D and San Miguel Aguirre, Alfonso and Subramanian, Devika and Vardi, Moshe Y},
  journal={Constraints},
  volume={8},
  pages={243--261},
  year={2003},
  publisher={Springer}
}

@article{millman2011python,
  title={Python for scientists and engineers},
  author={Millman, K Jarrod and Aivazis, Michael},
  journal={Computing in science \& engineering},
  volume={13},
  number={2},
  pages={9--12},
  year={2011},
  publisher={IEEE}
}

@book{mckinney2012python,
  title={Python for data analysis: Data wrangling with Pandas, NumPy, and IPython},
  author={McKinney, Wes},
  year={2012},
  publisher={" O'Reilly Media, Inc."}
}
